<record><leader>00000cas a22000007a 4500</leader><controlfield tag="001">11460711</controlfield><controlfield tag="008">841206c18619999njuwr ne      0    0eng d</controlfield><datafield ind1=" " ind2=" " tag="010"><subfield code="a">sn 84038727 </subfield></datafield><datafield ind1=" " ind2=" " tag="040"><subfield code="a">NPX</subfield><subfield code="b">eng</subfield><subfield code="c">NPX</subfield><subfield code="d">NPA</subfield><subfield code="d">NJW</subfield><subfield code="d">OCLCO</subfield></datafield><datafield ind1="1" ind2=" " tag="029"><subfield code="a">AU@</subfield><subfield code="b">000025823113</subfield></datafield><datafield ind1=" " ind2=" " tag="042"><subfield code="a">msc</subfield></datafield><datafield ind1="0" ind2=" " tag="130"><subfield code="a">Hightstown gazette (Hightstown, N.J. : 1861)</subfield></datafield><datafield ind1="0" ind2="0" tag="245"><subfield code="a">Hightstown gazette.</subfield></datafield><datafield ind1=" " ind2=" " tag="260"><subfield code="a">Hightstown, N.J. :</subfield><subfield code="b">Thos. B. Appleget,</subfield><subfield code="c">1861-</subfield></datafield><datafield ind1=" " ind2=" " tag="300"><subfield code="a">v. :</subfield><subfield code="b">ill.</subfield></datafield><datafield ind1=" " ind2=" " tag="310"><subfield code="a">Weekly</subfield></datafield><datafield ind1="0" ind2=" " tag="362"><subfield code="a">Vol. 17, no. 1 (Apr. 18, 1861)-</subfield></datafield><datafield ind1=" " ind2=" " tag="500"><subfield code="a">Publishers: Jacob Stults, &lt;1861-1870&gt;; Stults &amp; Appleget, &lt;1871-1872&gt;; Thomas B. Appleget, &lt;1873-1877&gt;.</subfield></datafield><datafield ind1=" " ind2=" " tag="515"><subfield code="a">Numbering irregularities.</subfield></datafield><datafield ind1=" " ind2=" " tag="530"><subfield code="a">Also issued on microfilm as part of the Civil War newspapers collection.</subfield></datafield><datafield ind1=" " ind2=" " tag="500"><subfield code="a">Editors: Jacob Stults, &lt;1861-1872&gt;; Thomas B. Appleget, &lt;1871-1877&gt;.</subfield></datafield><datafield ind1=" " ind2=" " tag="752"><subfield code="a">United States</subfield><subfield code="b">New Jersey</subfield><subfield code="c">Mercer</subfield><subfield code="d">Hightstown.</subfield></datafield><datafield ind1="0" ind2="4" tag="780"><subfield code="t">Village record (Hightstown, N.J. : 1852)</subfield><subfield code="w">(DLC)sn 84038736</subfield><subfield code="w">(OCoLC)11460768</subfield></datafield><datafield ind1="0" ind2="4" tag="780"><subfield code="t">Hightstown excelsior</subfield></datafield></record>